<record><leader>00000cas a22000007a 4500</leader><controlfield tag="001">11503117</controlfield><controlfield tag="008">841217d1910191umtuwr ne      0    0eng d</controlfield><datafield ind1=" " ind2=" " tag="010"><subfield code="a">sn 84036291 </subfield></datafield><datafield ind1=" " ind2=" " tag="040"><subfield code="a">MTL</subfield><subfield code="b">eng</subfield><subfield code="c">MTL</subfield><subfield code="d">OCLCQ</subfield></datafield><datafield ind1=" " ind2=" " tag="042"><subfield code="a">msc</subfield></datafield><datafield ind1="0" ind2="4" tag="245"><subfield code="a">The Newspaper of Chester.</subfield></datafield><datafield ind1=" " ind2=" " tag="260"><subfield code="a">Chester, Mont. :</subfield><subfield code="b">E.N. Disney,</subfield><subfield code="c">1910.</subfield></datafield><datafield ind1=" " ind2=" " tag="300"><subfield code="a">v. :</subfield><subfield code="b">ill.</subfield></datafield><datafield ind1=" " ind2=" " tag="310"><subfield code="a">Weekly</subfield></datafield><datafield ind1="0" ind2=" " tag="362"><subfield code="a">Vol. 1, no. 1 (Apr. 14, 1910)-</subfield></datafield><datafield ind1=" " ind2=" " tag="500"><subfield code="a">"Politically, the editor of this paper has been in the ranks of Republicanism."</subfield></datafield><datafield ind1=" " ind2=" " tag="752"><subfield code="a">United States</subfield><subfield code="b">Montana</subfield><subfield code="c">Liberty</subfield><subfield code="d">Chester.</subfield></datafield><datafield ind1="0" ind2="0" tag="785"><subfield code="t">Joplin independent</subfield><subfield code="w">(DLC)sn 84036292</subfield></datafield><datafield ind1="1" ind2=" " tag="029"><subfield code="a">AU@</subfield><subfield code="b">000025812181</subfield></datafield></record>